<?xml version="1.0" encoding="UTF-8"?><record xmlns="http://www.loc.gov/MARC21/slim" xmlns:cinclude="http://apache.org/cocoon/include/1.0" xmlns:zs="http://www.loc.gov/zing/srw/">
  <leader>00346nz  a2200121n  4500</leader>
  <controlfield tag="001">n  95075667 </controlfield>
  <controlfield tag="003">DLC</controlfield>
  <controlfield tag="005">19950801071430.6</controlfield>
  <controlfield tag="008">950801n| acannaab|          |n aaa |||  </controlfield>
  <datafield tag="010" ind1=" " ind2=" ">
    <subfield code="a">n  95075667 </subfield>
  </datafield>
  <datafield tag="040" ind1=" " ind2=" ">
    <subfield code="a">DLC</subfield>
    <subfield code="c">DLC</subfield>
  </datafield>
  <datafield tag="100" ind1="1" ind2="0">
    <subfield code="a">Riha, Bob</subfield>
  </datafield>
  <datafield tag="670" ind1=" " ind2=" ">
    <subfield code="a">National Media guide for emergency ... 1995:</subfield>
    <subfield code="b">p. ii (Bob Riha, Jr.; freelance/contract photographer)</subfield>
  </datafield>
</record>